<collection xmlns="http://www.loc.gov/MARC21/slim"><record><leader>01000nam  2200313   450</leader><controlfield tag="001">576</controlfield><controlfield tag="003">http://montalegre.opacnet.com/OPAC/default.aspx?ContentAreaControl=ShowRegHoldings.ascx&amp;RegNo=16662</controlfield><controlfield tag="005">20</controlfield><datafield tag="010" ind1=" " ind2=" "><subfield code="a">972-780-157-9</subfield></datafield><datafield tag="021" ind1=" " ind2=" "><subfield code="a">PT</subfield><subfield code="b">224709/05</subfield></datafield><datafield tag="100" ind1=" " ind2=" "><subfield code="a">20001026d2000    m  y0pory010305  ba</subfield></datafield><datafield tag="101" ind1="0" ind2=" "><subfield code="a">por</subfield></datafield><datafield tag="102" ind1=" " ind2=" "><subfield code="a">PT</subfield></datafield><datafield tag="105" ind1=" " ind2=" "><subfield code="a">y   f   001fy</subfield></datafield><datafield tag="106" ind1=" " ind2=" "><subfield code="a">r</subfield></datafield><datafield tag="200" ind1="1" ind2=" "><subfield code="a">&lt;A &gt;lenda de Hiran e Belkiss</subfield><subfield code="f">Bento da Cruz</subfield></datafield><datafield tag="205" ind1=" " ind2=" "><subfield code="a">1ª ed</subfield></datafield><datafield tag="210" ind1=" " ind2=" "><subfield code="a">Lisboa</subfield><subfield code="c">Âncora</subfield><subfield code="d">2005</subfield></datafield><datafield tag="215" ind1=" " ind2=" "><subfield code="a">127 p.</subfield><subfield code="d">23 cm</subfield></datafield><datafield tag="225" ind1="2" ind2=" "><subfield code="a">Obras de Bento da Cruz</subfield></datafield><datafield tag="675" ind1=" " ind2=" "><subfield code="a">821.134.3-4"19"</subfield><subfield code="v">BN</subfield><subfield code="z">por</subfield></datafield><datafield tag="675" ind1=" " ind2=" "><subfield code="a">821.134.3-31"19"</subfield></datafield><datafield tag="700" ind1=" " ind2="1"><subfield code="a">Cruz</subfield><subfield code="b">Bento da</subfield><subfield code="f">1925-</subfield></datafield><datafield tag="801" ind1=" " ind2="0"><subfield code="a">PT</subfield><subfield code="b">Biblioteca Municipal de Montalegre</subfield><subfield code="g">RPC</subfield></datafield><datafield tag="856" ind1=" " ind2=" "><subfield code="u">locateMedia.asp?cod=20060518153921&amp;ext=jpg</subfield><subfield code="z">CAPA</subfield></datafield><datafield tag="909" ind1="&#9;" ind2=" "><subfield code="a">5</subfield></datafield><datafield tag="966" ind1=" " ind2=" "><subfield code="a">0016149</subfield><subfield code="l">BMM</subfield><subfield code="s">SCG 821.134.3(469.202) CRU len</subfield></datafield><datafield tag="966" ind1=" " ind2=" "><subfield code="a">0017159</subfield><subfield code="l">BMM-PS</subfield><subfield code="s">821.134.3(469.202) CRU len</subfield></datafield><datafield tag="966" ind1=" " ind2=" "><subfield code="a">0017158</subfield><subfield code="l">BMM-PS</subfield><subfield code="s">821.134.3(469.202) CRU len</subfield></datafield><datafield tag="966" ind1=" " ind2=" "><subfield code="a">1103806</subfield><subfield code="l">BEBB</subfield><subfield code="s">BEBB 821.134.3 CRU</subfield></datafield><datafield tag="966" ind1=" " ind2=" "><subfield code="a">1002235</subfield><subfield code="l">BEM</subfield><subfield code="s">BEM 821.134.3 CRU</subfield></datafield></record></collection>